@article{diseases,
    author = {E. Laurencikas and L. Sävendahl and H. Jorulf},
    title = {Metacarpophalangeal Pattern Profile Analysis: Useful Diagnostic Tool for Differentiating between Dyschondrosteosis, Turner Syndrome, and Hypochondroplasia},
    journal = {Acta Radiologica},
    volume = {47},
    number = {5},
    pages = {518-524},
    year  = {2006},
    publisher = {Taylor \& Francis},
    doi = {10.1080/02841850600635939},
    URL = {https://www.tandfonline.com/doi/abs/10.1080/02841850600635939},
    eprint = {https://www.tandfonline.com/doi/pdf/10.1080/02841850600635939},
    edition= {1}
}

    @misc{bones-deformation,
        author = "Physiopedia",
        title = "Effects of Ageing on Hand Function --- Physiopedia{,} ",
        year = "2020",
        url = "https://www.physio-pedia.com/index.php?title=Effects_of_Ageing_on_Hand_Function&oldid=256694",
        note = "[Online; accessed 22-December-2020]"
     }

    @misc{human-hand,
        author = "Wikimedia Commons",
        title = "File:Scheme human hand bones-en.svg --- Wikimedia Commons{,} the free media repository",
        year = "2020",
        url = "https://commons.wikimedia.org/w/index.php?title=File:Scheme_human_hand_bones-en.svg&oldid=456537967",
        note = "[Online; accessed 22-December-2020]"
    }
    
    @misc{radiography,
      author = "Center for Devices and Radiological Health",
      title = "Radiography: FDA",
      howpublished = "FDA", 
      month = "Apr. 28,",
      year = "2020. [Online]",
      url = "https://www.fda.gov/radiation-emitting-products/medical-x-ray-imaging/radiography",
    }
    
    
    @misc{x-ray, 
        url={https://letstalkscience.ca/educational-resources/backgrounders/radiography-x-ray-imaging}, journal={Let's Talk Science}, 
        author={Let's Talk Science and 28, January}, 
        year={2020},
        month={Jan},
        title={Radiography \& X-ray Imaging}
    }
    
    @misc{aging-effect,
       author = "Physiopedia",
       title = "Effects of Ageing on Bone --- Physiopedia{,} ",
       year = "2019",
       url = "https://www.physio-pedia.com/index.php?title=Effects_of_Ageing_on_Bone&oldid=226026",
       note = "[Online; accessed 23-December-2020]"
 }
 
 @misc{metacarpal-structure, 
    author={Theskeletalsystem},
    title={Metacarpals: Definition, Location, Anatomy, Function, Diagram}, 
    url={https://www.theskeletalsystem.net/metacarpal-bones}, 
    journal={TheSkeletalSystem.net}, 
    year={2019}, 
    month={Apr}
}

@article{image-processing-intro, 
    title={Application of Image Processing and Three-Dimensional Data Reconstruction Algorithm Based on Traffic Video in Vehicle Component Detection}, 
    volume={2017}, 
    DOI={10.1155/2017/4145625}, 
    journal={Mathematical Problems in Engineering}, 
    author={Li, Gang and Song, Huansheng and Wang, Shuyu and Kong, Jinliang}, 
    year={2017}, 
    month={Nov}, 
    pages={1–16},
    edition = {1},
    number = {1}
}


@article{image-processing-intro2, 
    title={ApplicationsOf Digital Image Processing In Real Time World}, 
    volume={8},
    journal={International journal of scientific \& technology research}, 
    author={B. Sridhar}, 
    year={2019}, 
    month={Dec}, 
    pages={3354-3357},
    issn={2277-8616},
    edition={1},
    number={1}
}

@incollection{image-processing-intro3,
    title = "4 - Digital Image Processing",
    editor = "WAI-KAI CHEN",
    booktitle = "The Electrical Engineering Handbook",
    publisher = "Academic Press",
    address = "Burlington",
    pages = "891 - 910",
    year = "2005",
    isbn = "978-0-12-170960-0",
    doi = "https://doi.org/10.1016/B978-012170960-0/50064-5",
    url = "http://www.sciencedirect.com/science/article/pii/B9780121709600500645",
    author = "Eduardo A.B. {da Silva} and Gelson V. Mendonça"
}

@misc{image-processing-intro4,
    author={Kristopher Sheets},
    title={1. What is a digital Image? - Learn ImageJ}, 
    url={https://sites.google.com/site/learnimagej/image-processing/what-is-a-digital-image}, 
    journal={Google Sites},
    year={2013}
}

@misc{grayscale, 
    author={Techopedia},
    title={What is Grayscale? - Definition from Techopedia}, 
    url={https://www.techopedia.com/definition/7468/grayscale}, 
    journal={Techopedia.com},
    note = {Accessed: 23 December 2020}
}

@misc{grayscale-formula, 
    title={Luminance}, 
    url={https://www.songho.ca/dsp/luminance/luminance.html}, 
    journal={Song Ho Ahn}, 
    author={Ahn, Song Ho}, 
    year={2006}
}


@misc{x-ray-colors,
    title={Factors Affecting Appearance},
    url={https://www.dartmouth.edu/~anatomy/HAE/Radiology_Intro/rad/rad2/rad2a.html},         journal={Untitled Document},
    author={Geisel school of medicine}
}

    @misc{image-noise, 
        title={INTRODUCTION AND OVERVIEW}, 
        url={http://www.sprawls.org/ppmi2/NOISE/}, 
        journal={Image Noise},
        author={Perry Sprawls}
    }
    
    @misc{image-noise2,
        author = "Swain, Anisha",
        title = "Noise in Digital Image Processing",
        month = "Aug.",
        year = "2020. [Online]",
        url = "https://medium.com/image-vision/noise-in-digital-image-processing-55357c9fab71",
    }
    
    @misc{image-noise3,
        author = "Swain, Anisha",
        title = "Noise filtering in Digital Image Processing",
        month = "Jul.",
        year = "2020. [Online]",
        url = "https://medium.com/image-vision/noise-filtering-in-digital-image-processing-d12b5266847c",
    }

@incollection{image-segmentation,
    title = "Chapter 11 - Applications",
    editor = "Ying Tan",
    booktitle = "Gpu-Based Parallel Implementation of Swarm Intelligence Algorithms",
    publisher = "Morgan Kaufmann",
    pages = "167 - 177",
    year = "2016",
    isbn = "978-0-12-809362-7",
    doi = "https://doi.org/10.1016/B978-0-12-809362-7.50011-X",
    url = "http://www.sciencedirect.com/science/article/pii/B978012809362750011X",
    author = "Ying Tan"
}

@incollection{watershed,
    title = "Chapter 4 - Image Analysis for Medical Visualization",
    editor = "Bernhard Preim and Charl Botha",
    booktitle = "Visual Computing for Medicine (Second Edition)",
    publisher = "Morgan Kaufmann",
    edition = "Second Edition",
    address = "Boston",
    pages = "111 - 175",
    year = "2014",
    isbn = "978-0-12-415873-3",
    doi = "https://doi.org/10.1016/B978-0-12-415873-3.00004-3",
    url = "http://www.sciencedirect.com/science/article/pii/B9780124158733000043",
    author = "Bernhard Preim and Charl Botha",
}

@misc{convex-hull, 
    title={Convex Hull},
    url={https://brilliant.org/wiki/convex-hull/}, 
    journal={Brilliant Math & Science Wiki}
}

@misc{coordinate-system, 
    title={Understanding Coordinate System}, 
    url={https://noobeed.com/nb_coord_system.htm}, 
    journal={NOOBEED}
}

@misc{contour-labeling, 
    title={Help}, 
    url={https://desktop.arcgis.com/en/arcmap/10.3/map/working-with-text/labeling-using-the-contour-placement-style.htm}, 
    journal={Labeling using the Contour Placement style-Help | ArcGIS for Desktop}
}

@misc{contour-labeling2,    
    url={https://academic.brooklyn.cuny.edu/geology/leveson/core/linksa/contourlabel.html}, 
    journal={LABELING CONTOURS}, 
    author={Letterson, David J}, 
    year={2002}
}

    @inproceedings{third-metacarpal-approach,
      author = "A. S. Areeckal and M. Sam and S. S. David",
      title = "Computerized radiogrammetry of third metacarpal using watershed and active appearance model",
      booktitle = "2018 IEEE International Conference on Industrial Technology (ICIT)",
      year = "2018",
      pages = "1490-1495",
      url = "doi: 10.1109/ICIT.2018.8352401",
      editor = "IEEE",
      isbn = "978-1-5090-5949-2"
    }

@article{bm3d, 
    title={BM3D image denoising algorithm based on an adaptive filtering}, volume={79}, 
    DOI={10.1007/s11042-020-08815-8}, 
    number={27-28}, 
    journal={Multimedia Tools and Applications}, 
    author={Yahya, Ali Abdullah and Tan, Jieqing and Su, Benyue and Hu, Min and Wang, Yibin and Liu, Kui and Hadi, Ali Naser}, 
    year={2020}, 
    month={Apr}, 
    pages={20391–20427}
}

@INPROCEEDINGS{hist-equalization,
  author={G. {Yadav} and S. {Maheshwari} and A. {Agarwal}},
  booktitle={2014 International Conference on Advances in Computing, Communications and Informatics (ICACCI)}, 
  title={Contrast limited adaptive histogram equalization based enhancement for real time video system}, 
  year={2014},
  volume={},
  number={},
  pages={2392-2397},
  doi={10.1109/ICACCI.2014.6968381}
}

@article{many-approaches, 
    title={Segmentation of Bone Structures in X-ray Images},
    author={Ding Feng}, 
    year={2006}, 
    month={Jul}, 
    pages={1–66},
    url={https://www.comp.nus.edu.sg/~leowwk/thesis/dingfeng-proposal.pdf},
    edition = "1",
    number = "1",
}

@article{canny-edge,
    title = "On the Canny edge detector",
    journal = "Pattern Recognition",
    volume = "34",
    number = "3",
    pages = "721 - 725",
    year = "2001",
    issn = "0031-3203",
    doi = "https://doi.org/10.1016/S0031-3203(00)00023-6",
    url = "http://www.sciencedirect.com/science/article/pii/S0031320300000236",
    author = "Lijun Ding and Ardeshir Goshtasby",
}

@misc{canny-edge-detector, 
    author={Justin Liang},
    title={Canny Edge Detector},
    url = {http://justin-liang.com/tutorials/canny/},
    note = {Accessed: 20 April 2021}
}


    
    
    @INPROCEEDINGS{watershed-segm,
      author={Chen Jia-xin and Liu Sen},
      booktitle={The Fifth International Conference on Computer and Information Technology (CIT'05)}, 
      title={A medical image segmentation method based on watershed transform}, 
      year={2005},
      volume={},
      number={},
      pages={634-638},
      doi={10.1109/CIT.2005.16},
      isbn="0-7695-2432-X",
      editor="IEEE"
      }

    @misc{digital-img,
      author = {{Noobed}},
      title = {"FUnderstanding Coordinate System"},
      url = "http://noobeed.com/nb_coord_system.htm"
    }


@misc{wiki-long-bone,
   author = "Wikimedia Commons",
   title = "File:Structure of a Long Bone.png --- Wikimedia Commons{,} the free media repository",
   year = "2020",
   url = "https://commons.wikimedia.org/w/index.php?title=File:Structure_of_a_Long_Bone.png&oldid=505625447",
   note = "[Online; accessed 14-April-2021]"
 }
 
  @misc{ wiki-bone-structure,
   author = "Wikimedia Commons",
   title = "File:Metacarpal bones (left hand) 01 palmar view with label.png --- Wikimedia Commons{,} the free media repository",
   year = "2020",
   url = "https://commons.wikimedia.org/w/index.php?title=File:Metacarpal_bones_(left_hand)_01_palmar_view_with_label.png&oldid=457110514",
   note = "[Online; accessed 14-April-2021]"
 }
 
 @misc{metacarpal-structure-radiopedia, 
    title={Metacarpal bones: Radiology Reference Article}, 
    url={https://radiopaedia.org/articles/metacarpal-bones-1}, 
    journal={Radiopaedia Blog RSS}, 
    author={Olivier, Marlyson},
    note = "[Online; accessed 14-April-2021]"
}

@misc{adaptive-threshold-opencv,
    author={OpenCV},
    title={Image Thresholding}, 
    url={https://opencv-python-tutroals.readthedocs.io/en/latest/py_tutorials/py_imgproc/py_thresholding/py_thresholding.html}, 
    journal={OpenCV},
    note = "[Online; accessed 14-April-2021]",
    year="2013"
}


@article{bimodal-image,
    author = {Moallem, Payman and Razmjooy, Navid},
    year = {2012},
    month = {10},
    pages = {},
    title = {Optimal Threshold Computing in Automatic Image Thresholding using Adaptive Particle Swarm Optimization},
    volume = {703},
    journal = {Journal of Applied Research and Technology},
    doi = {10.22201/icat.16656423.2012.10.5.361},
    number={5},
    edition={1}
}

    
    @misc{sem-seg-website,
      author = "Jeremy Jordan",
      title = "An overview of semantic image segmentation.",
      month = "Nov.",
      year = "2020. [Online]",
      url = "https://www.jeremyjordan.me/semantic-segmentation/",
      note = "[Online; accessed 14-April-2021]"
    }


@misc{semantic-vs-instance-seg,
    author = {Varatharasan, Vinorth and Shin, Hyo-Sang and Tsourdos, Antonios and Colosimo, Nick},
    year = {2020},
    month = {02},
    pages = {},
    title = {Improving Learning Effectiveness For Object Detection and Classification in Cluttered Backgrounds}
}

@article{semantic-semgentation, 
    title={Recent progress in semantic image segmentation}, 
    volume={52}, 
    DOI={10.1007/s10462-018-9641-3}, 
    number={2}, 
    journal={Artificial Intelligence Review}, 
    author={Liu, Xiaolong and Deng, Zhidong and Yang, Yuhan}, 
    year={2018},
    pages={1089–1106},
    edition={1}
}

@article{instance-segmentation,
   title={A survey on instance segmentation: state of the art},
   volume={9},
   ISSN={2192-662X},
   url={http://dx.doi.org/10.1007/s13735-020-00195-x},
   DOI={10.1007/s13735-020-00195-x},
   number={3},
   journal={International Journal of Multimedia Information Retrieval},
   publisher={Springer Science and Business Media LLC},
   author={Hafiz, Abdul Mueed and Bhat, Ghulam Mohiuddin},
   year={2020},
   month={Jul},
   pages={171–189},
   edition="1"
}

@misc{ibm-supervised-learning, 
    title={What is Supervised Learning?}, 
    url={https://www.ibm.com/cloud/learn/supervised-learning}, 
    journal={IBM}, 
    author={IBM Cloud Education}, 
    year={2020}, 
    month={Aug},
    note = "[Online; accessed 10-April-2021]"
}
    
@misc{loss-function,
    author={Algorithmia},
    title={Introduction to Loss Functions}, 
    url={https://algorithmia.com/blog/introduction-to-loss-functions}, 
    journal={Algorithmia Blog}, 
    year={2021}, 
    month={Mar},
    note = "[Online; accessed 1-April-2021]"
}

@misc{supervised-learning, 
    title={Machine learning (ML) is expanding the possibilities}, 
    url={https://www.logpoint.com/sv/blogg-sv/explained-siemply-machine-learning/},
    journal={LogPoint},
    author={Grieve, Guy},
    year={2020},
    month={Nov},
    note = "[Online; accessed 5-April-2021]"
}

  
  @article{supervised-learning-paper,
  author    = {Amir Ghaderi and Vassilis Athitsos},
  title     = {Selective Unsupervised Feature Learning with Convolutional Neural
               Network {(S-CNN)}},
  journal   = {CoRR},
  volume    = {abs/1606.02210},
  year      = {2016},
  url       = {http://arxiv.org/abs/1606.02210},
  archivePrefix = {arXiv},
  eprint    = {1606.02210},
  timestamp = {Mon, 13 Aug 2018 16:45:58 +0200},
  biburl    = {https://dblp.org/rec/journals/corr/GhaderiA16.bib},
  bibsource = {dblp computer science bibliography, https://dblp.org},
  edition = "1",
  number = "1",
}
  
  
@misc{detectron2,
  author =       {Yuxin Wu and Alexander Kirillov and Francisco Massa and Wan-Yen Lo and Ross Girshick},
  title =        {Detectron2},
  year =         {2019},
  url= {https://github.com/facebookresearch/detectron2}
}



@article{mask-rcnn,
  author    = {Kaiming He and
               Georgia Gkioxari and
               Piotr Doll{\'{a}}r and
               Ross B. Girshick},
  title     = {Mask {R-CNN}},
  journal   = {CoRR},
  volume    = {abs/1703.06870},
  year      = {2017},
  url       = {http://arxiv.org/abs/1703.06870},
  archivePrefix = {arXiv},
  eprint    = {1703.06870},
  timestamp = {Mon, 13 Aug 2018 16:46:36 +0200},
  biburl    = {https://dblp.org/rec/journals/corr/HeGDG17.bib},
  bibsource = {dblp computer science bibliography, https://dblp.org},
  edition   = {3rd ed.},
  number = {1}
}


@article{bbox-regression,
  author    = {Seungkwan Lee and
               Suha Kwak and
               Minsu Cho},
  title     = {Universal Bounding Box Regression and Its Applications},
  journal   = {CoRR},
  volume    = {abs/1904.06805},
  year      = {2019},
  url       = {http://arxiv.org/abs/1904.06805},
  archivePrefix = {arXiv},
  eprint    = {1904.06805},
  timestamp = {Thu, 25 Apr 2019 13:55:01 +0200},
  biburl    = {https://dblp.org/rec/journals/corr/abs-1904-06805.bib},
  bibsource = {dblp computer science bibliography, https://dblp.org},
  edition = {1},
  number = {1}
}

@misc{labelme,
  author =       {Kentaro Wada},
  title =        {labelme: Image Polygonal Annotation with Python},
  year =         {2016},
  url  = {https://github.com/wkentaro/labelme},
  note = "[Online; accessed 20-April-2021]"
}

@misc{coco2015microsoft,
      title={Microsoft COCO: Common Objects in Context}, 
      author={Tsung-Yi Lin and Michael Maire and Serge Belongie and Lubomir Bourdev and Ross Girshick and James Hays and Pietro Perona and Deva Ramanan and C. Lawrence Zitnick and Piotr Dollár},
      year={2015},
      eprint={1405.0312},
      archivePrefix={arXiv},
      primaryClass={cs.CV},
      note = "[Online; accessed 18-April-2021]"
}

    @misc{COCO-JSON,
      author = "Hofesmann, Eric",
      title = "How to work with object detection datasets in COCO format",
      howpublished = "Towards Data Science", 
      month = "Mar.",
      year = "2021. [Online]",
      url = "https://towardsdatascience.com/how-to-work-with-object-detection-datasets-in-coco-format-9bf4fb5848a4",
      note = "[Online; accessed 16-April-2021]"
    }

@misc{JSONtoCOCO,
    author={Chengwei Zhang},
    title={How to create custom COCO data set for instance segmentation}, url={https://www.dlology.com/blog/how-to-create-custom-coco-data-set-for-instance-segmentation/}, 
    journal={DLology}, 
    year={2019}, 
    month={Aug},
    note = "[Online; accessed 16-April-2021]"
}

   
    
    @misc{google-colab,
      author = "Google",
      title = "Colaboratory",
      url = "https://research.google.com/colaboratory/faq.html",
      note = "[Online; accessed 17-April-2021]",
      year = "2014"
    }


@misc{cross-product-isabove, 
    title={Python - Find whether a point is above or below a line}, 
    url={https://openwritings.net/pg/python-find-whether-point-above-or-below-line}, journal={OpenWritings.net}, 
    author={Xuan Ngo},
    year={2019}, 
    month={Apr},
    note = "[Online; accessed 21-April-2021]"
}

@MISC {cross-product-equation,
    title = {Calculate on which side of a straight line is a given point located?},
    author = {Shard},
    howpublished = {Mathematics Stack Exchange},
    note = {Version: 2020-06-12, Online; accessed 21-April-2021},
    eprint = {https://math.stackexchange.com/q/274728},
    url = {https://math.stackexchange.com/q/274728},
    year={2020},
}

@article{wroclaw,
    author = {Kozieł, Sławomir and Malina, Robert},
    year = {2005},
    month = {11},
    pages = {691-701},
    title = {Variation in relative fat distribution associated with maturational timing: The Wrocław Growth study},
    volume = {32},
    journal = {Annals of human biology},
    doi = {10.1080/03014460500268531},
    number="1",
    edition="6"
}
    
    @article{cython,
          author = "Behnel, Stefan and Bradshaw, Robert and Citro, Craig and Dalcin, Lisandro and Seljebotn, Dag Sverre and Smith, Kurt",
          title = "Cython: The best of both worlds",
          journal = "Computing in Science \& Engineering",
          volume = "13",
          number = "2",
          month = "Mar",
          year = "2011",
          pages = "31--39",
          edition = "1"
    }

    @misc{gaussian-kernel,
        author = {Shipitko, Oleg and Grigoryev, Anton},
        year = {2018},
        month = {06},
        pages = {2922-2927},
        title = {Gaussian filtering for FPGA based image processing with High-Level Synthesis tools},
        editor={Enterprise \"New Technology\"}
    }

@misc{canny-opencv, 
    author={OpenCV},
    title={Canny Edge Detection}, 
    url={https://docs.opencv.org/master/da/d22/tutorial_py_canny.html}, 
    journal={OpenCV}, 
    year={2021}, 
    month={Apr},
    note = "[Online; accessed 24-April-2021]"
}
    
    @misc{sobel-matrix-opencv,
      author = "OpenCV",
      title = "Canny Edge Detector",
      month = "Dec.",
      year = "2019",
      url = "https://docs.opencv.org/2.4/doc/tutorials/imgproc/imgtrans/canny_detector/canny_detector.html?ref=driverlayer.com/web",
      note = "[Online; accessed 24-April-2021]"
    }
    
    @misc{Pooling, 
    title={Region of Interest Pooling}, 
    url={https://towardsdatascience.com/region-of-interest-pooling-f7c637f409af}, 
    journal={Medium}, 
    publisher={Towards Data Science}, 
    author={K, Sambasivarao.}, 
    year={2021}, 
    month={Apr},
    day={22}
    }